



@misc{digitalocean_2019, title={SQLite vs MySQL vs PostgreSQL: A Comparison Of Relational Database Management Systems}, url={https://www.digitalocean.com/community/tutorials/sqlite-vs-mysql-vs-postgresql-a-comparison-of-relational-database-management-systems}, journal={DigitalOcean}, publisher={DigitalOcean}, author={DigitalOcean}, year={2019}, month={Sep}}


@misc{birchard_2019, title={Authenticating Users With Flask-Login}, url={https://hackersandslackers.com/flask-login-user-authentication/}, journal={Hackers and Slackers}, publisher={Hackers and Slackers}, author={Birchard, Todd}, year={2019}, month={Dec}}


@misc{howler.js, title={howler.js - JavaScript audio library for the modern web}, url={https://howlerjs.com/}, journal={howler.js - JavaScript audio library for the modern web}}